<record><leader>00000cas a22000007a 4500</leader><controlfield tag="001">11639100</controlfield><controlfield tag="008">850130d18671895ohuwr ne      0    0eng d</controlfield><datafield ind1=" " ind2=" " tag="010"><subfield code="a">sn 84028879 </subfield></datafield><datafield ind1=" " ind2=" " tag="040"><subfield code="a">NPY</subfield><subfield code="b">eng</subfield><subfield code="c">NPY</subfield><subfield code="d">NPU</subfield><subfield code="d">ONP</subfield><subfield code="d">OCLCQ</subfield></datafield><datafield ind1=" " ind2=" " tag="042"><subfield code="a">msc</subfield></datafield><datafield ind1="0" ind2=" " tag="130"><subfield code="a">Miamisburg bulletin (Miamisburg, Ohio : 1867)</subfield></datafield><datafield ind1="1" ind2="0" tag="245"><subfield code="a">Miamisburg bulletin.</subfield></datafield><datafield ind1=" " ind2=" " tag="260"><subfield code="a">Miamisburg, O. [Ohio] :</subfield><subfield code="b">Blossom Bros.</subfield></datafield><datafield ind1=" " ind2=" " tag="300"><subfield code="a">v.</subfield></datafield><datafield ind1=" " ind2=" " tag="310"><subfield code="a">Weekly</subfield></datafield><datafield ind1="1" ind2=" " tag="362"><subfield code="a">Began in Aug. 1867; ceased in Jan. 1895?</subfield></datafield><datafield ind1=" " ind2=" " tag="500"><subfield code="a">"Thy spirit, independence, let me share: Lord of the lion heart and eagle eye!"</subfield></datafield><datafield ind1=" " ind2=" " tag="588"><subfield code="a">Description based on: Vol. 1, no. 19 (Dec. 27, 1867).</subfield></datafield><datafield ind1=" " ind2="4" tag="651"><subfield code="a">Miamisburg (Ohio)</subfield><subfield code="v">Newspapers.</subfield></datafield><datafield ind1=" " ind2="4" tag="651"><subfield code="a">Montgomery County (Ohio)</subfield><subfield code="v">Newspapers.</subfield></datafield><datafield ind1=" " ind2=" " tag="752"><subfield code="a">United States</subfield><subfield code="b">Ohio</subfield><subfield code="c">Montgomery</subfield><subfield code="d">Miamisburg.</subfield></datafield><datafield ind1="1" ind2=" " tag="029"><subfield code="a">AU@</subfield><subfield code="b">000024686735</subfield></datafield></record>